<?xml version="1.0" encoding="UTF-8"?><collection xmlns="http://www.loc.gov/MARC21/slim"><record><leader>00349nam--2200121-i-4500</leader><controlfield tag="001">000029050</controlfield><controlfield tag="002">20161230</controlfield><controlfield tag="005">20161230201037</controlfield><controlfield tag="008">060222s1000------------r-----000-0-eng-d</controlfield><datafield ind1=" " ind2=" " tag="100"><subfield code="a">Leclerc, J., Mougniot, J.C. And Penet, F</subfield></datafield><datafield ind1=" " ind2=" " tag="245"><subfield code="a">Guide de criticite. tom 3.courbes</subfield></datafield><datafield ind1=" " ind2=" " tag="260"><subfield code="a">Saclay, Commissariat A L`Energie Atomique, 1964. P.Dif</subfield></datafield><datafield ind1=" " ind2=" " tag="852"><subfield code="a">23738</subfield></datafield></record></collection>